<?xml version="1.0" encoding="UTF-8"?><collection xmlns="http://www.loc.gov/MARC21/slim"><record><leader>00430nam--2200133-i-4500</leader><controlfield tag="001">000025994</controlfield><controlfield tag="002">20161230</controlfield><controlfield tag="005">20161230201036</controlfield><controlfield tag="008">060222s1000------------r-----000-0-eng-d</controlfield><datafield ind1=" " ind2=" " tag="100"><subfield code="a">Kamke, E</subfield></datafield><datafield ind1=" " ind2=" " tag="245"><subfield code="a">Differentialgleichungen losungsmethoden und losungen. 5te unveranderte auflage. i: gewohnliche differentialgleichungen</subfield></datafield><datafield ind1=" " ind2=" " tag="260"><subfield code="a">Leipzig, Akad.Verlagsges, 1956, Xxvi + 666 P</subfield></datafield><datafield ind1=" " ind2=" " tag="490"><subfield code="a">Mat.U.Ihre Anw.Inphys</subfield></datafield><datafield ind1=" " ind2=" " tag="852"><subfield code="a">12326</subfield></datafield></record></collection>